%YAML 1.1
%TAG !u! tag:unity3d.com,2011:
--- !u!29 &1
SceneSettings:
  m_ObjectHideFlags: 0
  m_PVSData: 
  m_PVSObjectsArray: []
  m_PVSPortalsArray: []
  m_OcclusionBakeSettings:
    smallestOccluder: 5
    smallestHole: .25
    backfaceThreshold: 100
--- !u!104 &2
RenderSettings:
  m_Fog: 0
  m_FogColor: {r: .5, g: .5, b: .5, a: 1}
  m_FogMode: 3
  m_FogDensity: .00999999978
  m_LinearFogStart: 0
  m_LinearFogEnd: 300
  m_AmbientLight: {r: .200000003, g: .200000003, b: .200000003, a: 1}
  m_SkyboxMaterial: {fileID: 0}
  m_HaloStrength: .5
  m_FlareStrength: 1
  m_FlareFadeSpeed: 3
  m_HaloTexture: {fileID: 0}
  m_SpotCookie: {fileID: 0}
  m_ObjectHideFlags: 0
--- !u!127 &3
LevelGameManager:
  m_ObjectHideFlags: 0
--- !u!157 &4
LightmapSettings:
  m_ObjectHideFlags: 0
  m_LightProbes: {fileID: 0}
  m_Lightmaps: []
  m_LightmapsMode: 1
  m_BakedColorSpace: 0
  m_UseDualLightmapsInForward: 0
  m_LightmapEditorSettings:
    m_Resolution: 50
    m_LastUsedResolution: 0
    m_TextureWidth: 1024
    m_TextureHeight: 1024
    m_BounceBoost: 1
    m_BounceIntensity: 1
    m_SkyLightColor: {r: .860000014, g: .930000007, b: 1, a: 1}
    m_SkyLightIntensity: 0
    m_Quality: 0
    m_Bounces: 1
    m_FinalGatherRays: 1000
    m_FinalGatherContrastThreshold: .0500000007
    m_FinalGatherGradientThreshold: 0
    m_FinalGatherInterpolationPoints: 15
    m_AOAmount: 0
    m_AOMaxDistance: .100000001
    m_AOContrast: 1
    m_LODSurfaceMappingDistance: 1
    m_Padding: 0
    m_TextureCompression: 0
    m_LockAtlas: 0
--- !u!196 &5
NavMeshSettings:
  m_ObjectHideFlags: 0
  m_BuildSettings:
    agentRadius: .5
    agentHeight: 2
    agentSlope: 45
    agentClimb: .400000006
    ledgeDropHeight: 0
    maxJumpAcrossDistance: 0
    accuratePlacement: 0
    minRegionArea: 2
    widthInaccuracy: 16.666666
    heightInaccuracy: 10
    tileSizeHint: 0
  m_NavMesh: {fileID: 0}
--- !u!1 &101017723
GameObject:
  m_ObjectHideFlags: 0
  m_PrefabParentObject: {fileID: 100000, guid: df9a8e45e1d87b94a9e2bcd9d0d23d28, type: 2}
  m_PrefabInternal: {fileID: 1473390683}
  serializedVersion: 4
  m_Component:
  - 4: {fileID: 101017724}
  - 212: {fileID: 101017725}
  m_Layer: 0
  m_Name: GameCamera
  m_TagString: Untagged
  m_Icon: {fileID: 0}
  m_NavMeshLayer: 0
  m_StaticEditorFlags: 0
  m_IsActive: 1
--- !u!4 &101017724
Transform:
  m_ObjectHideFlags: 0
  m_PrefabParentObject: {fileID: 400000, guid: df9a8e45e1d87b94a9e2bcd9d0d23d28, type: 2}
  m_PrefabInternal: {fileID: 1473390683}
  m_GameObject: {fileID: 101017723}
  m_LocalRotation: {x: 0, y: 0, z: 0, w: 1}
  m_LocalPosition: {x: 0, y: 0, z: 0}
  m_LocalScale: {x: 1, y: 1, z: 1}
  m_Children:
  - {fileID: 110051333}
  - {fileID: 1557500662}
  m_Father: {fileID: 0}
  m_RootOrder: 1
--- !u!212 &101017725
SpriteRenderer:
  m_ObjectHideFlags: 0
  m_PrefabParentObject: {fileID: 21200002, guid: df9a8e45e1d87b94a9e2bcd9d0d23d28,
    type: 2}
  m_PrefabInternal: {fileID: 1473390683}
  m_GameObject: {fileID: 101017723}
  m_Enabled: 1
  m_CastShadows: 0
  m_ReceiveShadows: 0
  m_LightmapIndex: 255
  m_LightmapTilingOffset: {x: 1, y: 1, z: 0, w: 0}
  m_Materials:
  - {fileID: 10754, guid: 0000000000000000e000000000000000, type: 0}
  m_SubsetIndices: 
  m_StaticBatchRoot: {fileID: 0}
  m_UseLightProbes: 0
  m_LightProbeAnchor: {fileID: 0}
  m_ScaleInLightmap: 1
  m_SortingLayerID: 0
  m_SortingOrder: 0
  m_Sprite: {fileID: 0}
  m_Color: {r: 0, g: 0, b: 0, a: 1}
--- !u!1 &110051332
GameObject:
  m_ObjectHideFlags: 0
  m_PrefabParentObject: {fileID: 100002, guid: df9a8e45e1d87b94a9e2bcd9d0d23d28, type: 2}
  m_PrefabInternal: {fileID: 1473390683}
  serializedVersion: 4
  m_Component:
  - 4: {fileID: 110051333}
  - 20: {fileID: 110051337}
  - 114: {fileID: 110051336}
  - 124: {fileID: 110051335}
  - 92: {fileID: 110051334}
  - 212: {fileID: 110051338}
  - 114: {fileID: 110051339}
  - 114: {fileID: 110051340}
  m_Layer: 0
  m_Name: tk2dCamera
  m_TagString: MainCamera
  m_Icon: {fileID: 0}
  m_NavMeshLayer: 0
  m_StaticEditorFlags: 0
  m_IsActive: 1
--- !u!4 &110051333
Transform:
  m_ObjectHideFlags: 0
  m_PrefabParentObject: {fileID: 400002, guid: df9a8e45e1d87b94a9e2bcd9d0d23d28, type: 2}
  m_PrefabInternal: {fileID: 1473390683}
  m_GameObject: {fileID: 110051332}
  m_LocalRotation: {x: 0, y: 0, z: 0, w: 1}
  m_LocalPosition: {x: 0, y: 0, z: -20}
  m_LocalScale: {x: 1, y: 1, z: 1}
  m_Children: []
  m_Father: {fileID: 101017724}
  m_RootOrder: 0
--- !u!92 &110051334
Behaviour:
  m_ObjectHideFlags: 0
  m_PrefabParentObject: {fileID: 9200000, guid: df9a8e45e1d87b94a9e2bcd9d0d23d28,
    type: 2}
  m_PrefabInternal: {fileID: 1473390683}
  m_GameObject: {fileID: 110051332}
  m_Enabled: 1
--- !u!124 &110051335
Behaviour:
  m_ObjectHideFlags: 0
  m_PrefabParentObject: {fileID: 12400000, guid: df9a8e45e1d87b94a9e2bcd9d0d23d28,
    type: 2}
  m_PrefabInternal: {fileID: 1473390683}
  m_GameObject: {fileID: 110051332}
  m_Enabled: 1
--- !u!114 &110051336
MonoBehaviour:
  m_ObjectHideFlags: 0
  m_PrefabParentObject: {fileID: 11400000, guid: df9a8e45e1d87b94a9e2bcd9d0d23d28,
    type: 2}
  m_PrefabInternal: {fileID: 1473390683}
  m_GameObject: {fileID: 110051332}
  m_Enabled: 1
  m_EditorHideFlags: 0
  m_Script: {fileID: 11500000, guid: d60c017246963b14c9806a06670568b5, type: 3}
  m_Name: 
  m_EditorClassIdentifier: 
  version: 1
  cameraSettings:
    projection: 0
    orthographicSize: 4
    orthographicPixelsPerMeter: 1
    orthographicOrigin: 1
    orthographicType: 0
    transparencySortMode: 0
    fieldOfView: 60
    rect:
      serializedVersion: 2
      x: 0
      y: 0
      width: 1
      height: 1
  resolutionOverride:
  - name: New override
    matchBy: 1
    width: 0
    height: 0
    aspectRatioNumerator: 3
    aspectRatioDenominator: 2
    scale: 1
    offsetPixels: {x: 0, y: 0}
    autoScaleMode: 2
    fitMode: 1
  - name: Override
    matchBy: 1
    width: 0
    height: 0
    aspectRatioNumerator: 4
    aspectRatioDenominator: 3
    scale: 1
    offsetPixels: {x: 0, y: 0}
    autoScaleMode: 2
    fitMode: 1
  - name: New override
    matchBy: 1
    width: 0
    height: 0
    aspectRatioNumerator: 16
    aspectRatioDenominator: 9
    scale: 1
    offsetPixels: {x: 0, y: 0}
    autoScaleMode: 1
    fitMode: 1
  - name: iphone 5
    matchBy: 1
    width: 0
    height: 0
    aspectRatioNumerator: 71
    aspectRatioDenominator: 40
    scale: 1
    offsetPixels: {x: 0, y: 0}
    autoScaleMode: 1
    fitMode: 1
  - name: iphone 6
    matchBy: 1
    width: 0
    height: 0
    aspectRatioNumerator: 667
    aspectRatioDenominator: 375
    scale: 1
    offsetPixels: {x: 0, y: 0}
    autoScaleMode: 1
    fitMode: 1
  - name: New override
    matchBy: 2
    width: 0
    height: 0
    aspectRatioNumerator: 4
    aspectRatioDenominator: 3
    scale: 1
    offsetPixels: {x: 0, y: 0}
    autoScaleMode: 7
    fitMode: 1
  inheritSettings: {fileID: 0}
  nativeResolutionWidth: 480
  nativeResolutionHeight: 320
  _unityCamera: {fileID: 110051337}
  viewportClippingEnabled: 0
  viewportRegion: {x: 0, y: 0, z: 100, w: 100}
  zoomFactor: .839999974
  forceResolutionInEditor: 1
  forceResolution: {x: 2048, y: 1536}
--- !u!20 &110051337
Camera:
  m_ObjectHideFlags: 0
  m_PrefabParentObject: {fileID: 2000000, guid: df9a8e45e1d87b94a9e2bcd9d0d23d28,
    type: 2}
  m_PrefabInternal: {fileID: 1473390683}
  m_GameObject: {fileID: 110051332}
  m_Enabled: 1
  serializedVersion: 2
  m_ClearFlags: 1
  m_BackGroundColor: {r: 0, g: 0, b: 0, a: 0}
  m_NormalizedViewPortRect:
    serializedVersion: 2
    x: 0
    y: 0
    width: 1
    height: 1
  near clip plane: .300000012
  far clip plane: 1000
  field of view: 60
  orthographic: 1
  orthographic size: 101.219475
  m_Depth: 0
  m_CullingMask:
    serializedVersion: 2
    m_Bits: 4294967295
  m_RenderingPath: -1
  m_TargetTexture: {fileID: 0}
  m_TargetDisplay: 0
  m_HDR: 1
  m_OcclusionCulling: 1
  m_StereoConvergence: 10
  m_StereoSeparation: .0219999999
--- !u!212 &110051338
SpriteRenderer:
  m_ObjectHideFlags: 0
  m_PrefabParentObject: {fileID: 21200000, guid: df9a8e45e1d87b94a9e2bcd9d0d23d28,
    type: 2}
  m_PrefabInternal: {fileID: 1473390683}
  m_GameObject: {fileID: 110051332}
  m_Enabled: 1
  m_CastShadows: 0
  m_ReceiveShadows: 0
  m_LightmapIndex: 255
  m_LightmapTilingOffset: {x: 1, y: 1, z: 0, w: 0}
  m_Materials:
  - {fileID: 10754, guid: 0000000000000000e000000000000000, type: 0}
  m_SubsetIndices: 
  m_StaticBatchRoot: {fileID: 0}
  m_UseLightProbes: 0
  m_LightProbeAnchor: {fileID: 0}
  m_ScaleInLightmap: 1
  m_SortingLayerID: 0
  m_SortingOrder: 0
  m_Sprite: {fileID: 0}
  m_Color: {r: 1, g: 1, b: 1, a: 1}
--- !u!114 &110051339
MonoBehaviour:
  m_ObjectHideFlags: 0
  m_PrefabParentObject: {fileID: 11400004, guid: df9a8e45e1d87b94a9e2bcd9d0d23d28,
    type: 2}
  m_PrefabInternal: {fileID: 1473390683}
  m_GameObject: {fileID: 110051332}
  m_Enabled: 1
  m_EditorHideFlags: 0
  m_Script: {fileID: 11500000, guid: e513da97d83b2094bba3377d434c449e, type: 3}
  m_Name: 
  m_EditorClassIdentifier: 
--- !u!114 &110051340
MonoBehaviour:
  m_ObjectHideFlags: 0
  m_PrefabParentObject: {fileID: 11475346, guid: df9a8e45e1d87b94a9e2bcd9d0d23d28,
    type: 2}
  m_PrefabInternal: {fileID: 1473390683}
  m_GameObject: {fileID: 110051332}
  m_Enabled: 0
  m_EditorHideFlags: 0
  m_Script: {fileID: 11500000, guid: 34382083ad114a07d000fbfb8d76c639, type: 3}
  m_Name: 
  m_EditorClassIdentifier: 
  iterations: 3
  blurSpread: .25
  blurShader: {fileID: 4800000, guid: 57e6deea7c2924e22a5138e2b70bb4dc, type: 3}
--- !u!1 &149688939
GameObject:
  m_ObjectHideFlags: 0
  m_PrefabParentObject: {fileID: 0}
  m_PrefabInternal: {fileID: 0}
  serializedVersion: 4
  m_Component:
  - 4: {fileID: 149688940}
  - 212: {fileID: 149688941}
  m_Layer: 0
  m_Name: background
  m_TagString: Untagged
  m_Icon: {fileID: 0}
  m_NavMeshLayer: 0
  m_StaticEditorFlags: 0
  m_IsActive: 1
--- !u!4 &149688940
Transform:
  m_ObjectHideFlags: 0
  m_PrefabParentObject: {fileID: 0}
  m_PrefabInternal: {fileID: 0}
  m_GameObject: {fileID: 149688939}
  m_LocalRotation: {x: 0, y: 0, z: 0, w: 1}
  m_LocalPosition: {x: 0, y: 0, z: 0}
  m_LocalScale: {x: 800, y: 600, z: 1}
  m_Children: []
  m_Father: {fileID: 159564705}
  m_RootOrder: 3
--- !u!212 &149688941
SpriteRenderer:
  m_ObjectHideFlags: 0
  m_PrefabParentObject: {fileID: 0}
  m_PrefabInternal: {fileID: 0}
  m_GameObject: {fileID: 149688939}
  m_Enabled: 1
  m_CastShadows: 0
  m_ReceiveShadows: 0
  m_LightmapIndex: 255
  m_LightmapTilingOffset: {x: 1, y: 1, z: 0, w: 0}
  m_Materials:
  - {fileID: 10754, guid: 0000000000000000e000000000000000, type: 0}
  m_SubsetIndices: 
  m_StaticBatchRoot: {fileID: 0}
  m_UseLightProbes: 0
  m_LightProbeAnchor: {fileID: 0}
  m_ScaleInLightmap: 1
  m_SortingLayerID: 0
  m_SortingOrder: 0
  m_Sprite: {fileID: 21300000, guid: ec5402ab376a1cc4789d3d36e0a3eb24, type: 3}
  m_Color: {r: 1, g: 1, b: 1, a: 1}
--- !u!1 &159564704
GameObject:
  m_ObjectHideFlags: 0
  m_PrefabParentObject: {fileID: 0}
  m_PrefabInternal: {fileID: 0}
  serializedVersion: 4
  m_Component:
  - 4: {fileID: 159564705}
  - 114: {fileID: 159564706}
  - 212: {fileID: 159564708}
  - 95: {fileID: 159564707}
  m_Layer: 0
  m_Name: SceneObjects
  m_TagString: Untagged
  m_Icon: {fileID: 0}
  m_NavMeshLayer: 0
  m_StaticEditorFlags: 0
  m_IsActive: 1
--- !u!4 &159564705
Transform:
  m_ObjectHideFlags: 0
  m_PrefabParentObject: {fileID: 0}
  m_PrefabInternal: {fileID: 0}
  m_GameObject: {fileID: 159564704}
  m_LocalRotation: {x: 0, y: 0, z: 0, w: 1}
  m_LocalPosition: {x: 0, y: 0, z: 0}
  m_LocalScale: {x: 1, y: 1, z: 1}
  m_Children:
  - {fileID: 667871866}
  - {fileID: 1208945918}
  - {fileID: 732881904}
  - {fileID: 149688940}
  - {fileID: 917648539}
  - {fileID: 248029382}
  m_Father: {fileID: 0}
  m_RootOrder: 0
--- !u!114 &159564706
MonoBehaviour:
  m_ObjectHideFlags: 0
  m_PrefabParentObject: {fileID: 0}
  m_PrefabInternal: {fileID: 0}
  m_GameObject: {fileID: 159564704}
  m_Enabled: 1
  m_EditorHideFlags: 0
  m_Script: {fileID: 11500000, guid: 1d89eb773bd20b142bd087ea36bed5c4, type: 3}
  m_Name: 
  m_EditorClassIdentifier: 
  textSortingLayerId: 0
  textSortingOrder: 1
--- !u!95 &159564707
Animator:
  serializedVersion: 3
  m_ObjectHideFlags: 0
  m_PrefabParentObject: {fileID: 0}
  m_PrefabInternal: {fileID: 0}
  m_GameObject: {fileID: 159564704}
  m_Enabled: 1
  m_Avatar: {fileID: 0}
  m_Controller: {fileID: 9100000, guid: d892714b5d7c16a47bb8587eab46d9d6, type: 2}
  m_CullingMode: 0
  m_UpdateMode: 0
  m_ApplyRootMotion: 1
  m_HasTransformHierarchy: 1
  m_AllowConstantClipSamplingOptimization: 1
--- !u!212 &159564708
SpriteRenderer:
  m_ObjectHideFlags: 0
  m_PrefabParentObject: {fileID: 0}
  m_PrefabInternal: {fileID: 0}
  m_GameObject: {fileID: 159564704}
  m_Enabled: 1
  m_CastShadows: 0
  m_ReceiveShadows: 0
  m_LightmapIndex: 255
  m_LightmapTilingOffset: {x: 1, y: 1, z: 0, w: 0}
  m_Materials:
  - {fileID: 10754, guid: 0000000000000000e000000000000000, type: 0}
  m_SubsetIndices: 
  m_StaticBatchRoot: {fileID: 0}
  m_UseLightProbes: 0
  m_LightProbeAnchor: {fileID: 0}
  m_ScaleInLightmap: 1
  m_SortingLayerID: 0
  m_SortingOrder: 0
  m_Sprite: {fileID: 0}
  m_Color: {r: 1, g: 1, b: 1, a: 1}
--- !u!1 &248029381
GameObject:
  m_ObjectHideFlags: 0
  m_PrefabParentObject: {fileID: 100008, guid: df9655a7a4d53474b97cc27660fbd314, type: 2}
  m_PrefabInternal: {fileID: 0}
  serializedVersion: 4
  m_Component:
  - 4: {fileID: 248029382}
  - 33: {fileID: 248029387}
  - 23: {fileID: 248029386}
  - 114: {fileID: 248029385}
  - 114: {fileID: 248029384}
  - 61: {fileID: 248029383}
  m_Layer: 8
  m_Name: sbtext
  m_TagString: DynamicText
  m_Icon: {fileID: 0}
  m_NavMeshLayer: 0
  m_StaticEditorFlags: 0
  m_IsActive: 1
--- !u!4 &248029382
Transform:
  m_ObjectHideFlags: 0
  m_PrefabParentObject: {fileID: 400008, guid: df9655a7a4d53474b97cc27660fbd314, type: 2}
  m_PrefabInternal: {fileID: 0}
  m_GameObject: {fileID: 248029381}
  m_LocalRotation: {x: 0, y: 0, z: 0, w: 1}
  m_LocalPosition: {x: 0, y: -95, z: -10}
  m_LocalScale: {x: .75, y: .75, z: 1}
  m_Children: []
  m_Father: {fileID: 159564705}
  m_RootOrder: 5
--- !u!61 &248029383
BoxCollider2D:
  m_ObjectHideFlags: 0
  m_PrefabParentObject: {fileID: 6100002, guid: df9655a7a4d53474b97cc27660fbd314,
    type: 2}
  m_PrefabInternal: {fileID: 0}
  m_GameObject: {fileID: 248029381}
  m_Enabled: 1
  m_Material: {fileID: 0}
  m_IsTrigger: 0
  m_Size: {x: 115, y: 114.5}
  m_Center: {x: 0, y: -60.2200012}
--- !u!114 &248029384
MonoBehaviour:
  m_ObjectHideFlags: 0
  m_PrefabParentObject: {fileID: 11400008, guid: df9655a7a4d53474b97cc27660fbd314,
    type: 2}
  m_PrefabInternal: {fileID: 0}
  m_GameObject: {fileID: 248029381}
  m_Enabled: 1
  m_EditorHideFlags: 0
  m_Script: {fileID: 11500000, guid: 839d6ee4c77c5414c8bcb45049fb238e, type: 3}
  m_Name: 
  m_EditorClassIdentifier: 
  textSortingLayerId: 2
  textSortingOrder: 10
  defaultText: 
--- !u!114 &248029385
MonoBehaviour:
  m_ObjectHideFlags: 0
  m_PrefabParentObject: {fileID: 11400006, guid: df9655a7a4d53474b97cc27660fbd314,
    type: 2}
  m_PrefabInternal: {fileID: 0}
  m_GameObject: {fileID: 248029381}
  m_Enabled: 1
  m_EditorHideFlags: 0
  m_Script: {fileID: 102134242, guid: dbf2cb1c3153ed044bbab71e267498cc, type: 3}
  m_Name: 
  m_EditorClassIdentifier: 
  cam: {fileID: 110051337}
  offsetZ: 0
  size: 25
  lineSpacing: 1
  anchor: 10
  alignment: 1
  tabSize: 1
  fontStyle: 0
  font: {fileID: 12800000, guid: a63cfab3919af074f84230ea589b116e, type: 3}
  autoSetFontMaterial: 1
  color: {r: 0, g: 0, b: 0, a: 1}
  baselineRefChar: x
  metricsRefChars: xgjpflXOQ09
  pixelSnapTransformPos: 0
  minFontPxSize: 6
  maxFontPxSize: 150
  text: 
  serializedText: A Scary Beasties Production
  version: 1030
--- !u!23 &248029386
Renderer:
  m_ObjectHideFlags: 0
  m_PrefabParentObject: {fileID: 2300004, guid: df9655a7a4d53474b97cc27660fbd314,
    type: 2}
  m_PrefabInternal: {fileID: 0}
  m_GameObject: {fileID: 248029381}
  m_Enabled: 1
  m_CastShadows: 1
  m_ReceiveShadows: 1
  m_LightmapIndex: 255
  m_LightmapTilingOffset: {x: 1, y: 1, z: 0, w: 0}
  m_Materials:
  - {fileID: 2100000, guid: a63cfab3919af074f84230ea589b116e, type: 3}
  m_SubsetIndices: 
  m_StaticBatchRoot: {fileID: 0}
  m_UseLightProbes: 0
  m_LightProbeAnchor: {fileID: 0}
  m_ScaleInLightmap: 1
  m_SortingLayerID: 0
  m_SortingOrder: 0
--- !u!33 &248029387
MeshFilter:
  m_ObjectHideFlags: 0
  m_PrefabParentObject: {fileID: 3300004, guid: df9655a7a4d53474b97cc27660fbd314,
    type: 2}
  m_PrefabInternal: {fileID: 0}
  m_GameObject: {fileID: 248029381}
  m_Mesh: {fileID: 0}
--- !u!1 &667871862
GameObject:
  m_ObjectHideFlags: 0
  m_PrefabParentObject: {fileID: 0}
  m_PrefabInternal: {fileID: 0}
  serializedVersion: 4
  m_Component:
  - 4: {fileID: 667871866}
  - 33: {fileID: 667871865}
  - 23: {fileID: 667871864}
  - 114: {fileID: 667871863}
  m_Layer: 0
  m_Name: Client_Logo
  m_TagString: Untagged
  m_Icon: {fileID: 0}
  m_NavMeshLayer: 0
  m_StaticEditorFlags: 0
  m_IsActive: 0
--- !u!114 &667871863
MonoBehaviour:
  m_ObjectHideFlags: 0
  m_PrefabParentObject: {fileID: 0}
  m_PrefabInternal: {fileID: 0}
  m_GameObject: {fileID: 667871862}
  m_Enabled: 1
  m_EditorHideFlags: 0
  m_Script: {fileID: 11500000, guid: 3fac570381f34f647b768dc5a5aa1364, type: 3}
  m_Name: 
  m_EditorClassIdentifier: 
  collection: {fileID: 11400000, guid: febc24f973af8e54387000c29ee2298e, type: 2}
  _color: {r: 1, g: 1, b: 1, a: 1}
  _scale: {x: 1, y: 1, z: 1}
  _spriteId: 0
  boxCollider2D: {fileID: 0}
  polygonCollider2D: []
  edgeCollider2D: []
  boxCollider: {fileID: 0}
  meshCollider: {fileID: 0}
  meshColliderPositions: []
  meshColliderMesh: {fileID: 0}
  renderLayer: 1
--- !u!23 &667871864
Renderer:
  m_ObjectHideFlags: 0
  m_PrefabParentObject: {fileID: 0}
  m_PrefabInternal: {fileID: 0}
  m_GameObject: {fileID: 667871862}
  m_Enabled: 1
  m_CastShadows: 1
  m_ReceiveShadows: 1
  m_LightmapIndex: 255
  m_LightmapTilingOffset: {x: 1, y: 1, z: 0, w: 0}
  m_Materials:
  - {fileID: 0}
  m_SubsetIndices: 
  m_StaticBatchRoot: {fileID: 0}
  m_UseLightProbes: 0
  m_LightProbeAnchor: {fileID: 0}
  m_ScaleInLightmap: 1
  m_SortingLayerID: 0
  m_SortingOrder: 1
--- !u!33 &667871865
MeshFilter:
  m_ObjectHideFlags: 0
  m_PrefabParentObject: {fileID: 0}
  m_PrefabInternal: {fileID: 0}
  m_GameObject: {fileID: 667871862}
  m_Mesh: {fileID: 0}
--- !u!4 &667871866
Transform:
  m_ObjectHideFlags: 0
  m_PrefabParentObject: {fileID: 0}
  m_PrefabInternal: {fileID: 0}
  m_GameObject: {fileID: 667871862}
  m_LocalRotation: {x: 0, y: 0, z: 0, w: 1}
  m_LocalPosition: {x: 0, y: 0, z: 0}
  m_LocalScale: {x: 1, y: 1, z: 1}
  m_Children: []
  m_Father: {fileID: 159564705}
  m_RootOrder: 0
--- !u!1 &732881903
GameObject:
  m_ObjectHideFlags: 0
  m_PrefabParentObject: {fileID: 0}
  m_PrefabInternal: {fileID: 0}
  serializedVersion: 4
  m_Component:
  - 4: {fileID: 732881904}
  - 33: {fileID: 732881907}
  - 23: {fileID: 732881906}
  - 114: {fileID: 732881905}
  m_Layer: 0
  m_Name: BBC_Disclaimer
  m_TagString: Untagged
  m_Icon: {fileID: 0}
  m_NavMeshLayer: 0
  m_StaticEditorFlags: 0
  m_IsActive: 1
--- !u!4 &732881904
Transform:
  m_ObjectHideFlags: 0
  m_PrefabParentObject: {fileID: 0}
  m_PrefabInternal: {fileID: 0}
  m_GameObject: {fileID: 732881903}
  m_LocalRotation: {x: 0, y: 0, z: 0, w: 1}
  m_LocalPosition: {x: 0, y: -120, z: 0}
  m_LocalScale: {x: 1, y: 1, z: 1}
  m_Children: []
  m_Father: {fileID: 159564705}
  m_RootOrder: 2
--- !u!114 &732881905
MonoBehaviour:
  m_ObjectHideFlags: 0
  m_PrefabParentObject: {fileID: 0}
  m_PrefabInternal: {fileID: 0}
  m_GameObject: {fileID: 732881903}
  m_Enabled: 1
  m_EditorHideFlags: 0
  m_Script: {fileID: 11500000, guid: 3fac570381f34f647b768dc5a5aa1364, type: 3}
  m_Name: 
  m_EditorClassIdentifier: 
  collection: {fileID: 11400000, guid: febc24f973af8e54387000c29ee2298e, type: 2}
  _color: {r: 1, g: 1, b: 1, a: 1}
  _scale: {x: 1, y: 1, z: 1}
  _spriteId: 4
  boxCollider2D: {fileID: 0}
  polygonCollider2D: []
  edgeCollider2D: []
  boxCollider: {fileID: 0}
  meshCollider: {fileID: 0}
  meshColliderPositions: []
  meshColliderMesh: {fileID: 0}
  renderLayer: 1
--- !u!23 &732881906
Renderer:
  m_ObjectHideFlags: 0
  m_PrefabParentObject: {fileID: 0}
  m_PrefabInternal: {fileID: 0}
  m_GameObject: {fileID: 732881903}
  m_Enabled: 1
  m_CastShadows: 1
  m_ReceiveShadows: 1
  m_LightmapIndex: 255
  m_LightmapTilingOffset: {x: 1, y: 1, z: 0, w: 0}
  m_Materials:
  - {fileID: 0}
  m_SubsetIndices: 
  m_StaticBatchRoot: {fileID: 0}
  m_UseLightProbes: 0
  m_LightProbeAnchor: {fileID: 0}
  m_ScaleInLightmap: 1
  m_SortingLayerID: 0
  m_SortingOrder: 1
--- !u!33 &732881907
MeshFilter:
  m_ObjectHideFlags: 0
  m_PrefabParentObject: {fileID: 0}
  m_PrefabInternal: {fileID: 0}
  m_GameObject: {fileID: 732881903}
  m_Mesh: {fileID: 0}
--- !u!1 &917648538
GameObject:
  m_ObjectHideFlags: 0
  m_PrefabParentObject: {fileID: 0}
  m_PrefabInternal: {fileID: 0}
  serializedVersion: 4
  m_Component:
  - 4: {fileID: 917648539}
  - 33: {fileID: 917648542}
  - 23: {fileID: 917648541}
  - 114: {fileID: 917648540}
  m_Layer: 0
  m_Name: Scarybeasties_Logo
  m_TagString: Untagged
  m_Icon: {fileID: 0}
  m_NavMeshLayer: 0
  m_StaticEditorFlags: 0
  m_IsActive: 1
--- !u!4 &917648539
Transform:
  m_ObjectHideFlags: 0
  m_PrefabParentObject: {fileID: 0}
  m_PrefabInternal: {fileID: 0}
  m_GameObject: {fileID: 917648538}
  m_LocalRotation: {x: 0, y: 0, z: 0, w: 1}
  m_LocalPosition: {x: 2, y: 0, z: 0}
  m_LocalScale: {x: 1, y: 1, z: 1}
  m_Children: []
  m_Father: {fileID: 159564705}
  m_RootOrder: 4
--- !u!114 &917648540
MonoBehaviour:
  m_ObjectHideFlags: 0
  m_PrefabParentObject: {fileID: 0}
  m_PrefabInternal: {fileID: 0}
  m_GameObject: {fileID: 917648538}
  m_Enabled: 1
  m_EditorHideFlags: 0
  m_Script: {fileID: 11500000, guid: 3fac570381f34f647b768dc5a5aa1364, type: 3}
  m_Name: 
  m_EditorClassIdentifier: 
  collection: {fileID: 11400000, guid: febc24f973af8e54387000c29ee2298e, type: 2}
  _color: {r: 1, g: 1, b: 1, a: 1}
  _scale: {x: 1, y: 1, z: 1}
  _spriteId: 2
  boxCollider2D: {fileID: 0}
  polygonCollider2D: []
  edgeCollider2D: []
  boxCollider: {fileID: 0}
  meshCollider: {fileID: 0}
  meshColliderPositions: []
  meshColliderMesh: {fileID: 0}
  renderLayer: 1
--- !u!23 &917648541
Renderer:
  m_ObjectHideFlags: 0
  m_PrefabParentObject: {fileID: 0}
  m_PrefabInternal: {fileID: 0}
  m_GameObject: {fileID: 917648538}
  m_Enabled: 1
  m_CastShadows: 1
  m_ReceiveShadows: 1
  m_LightmapIndex: 255
  m_LightmapTilingOffset: {x: 1, y: 1, z: 0, w: 0}
  m_Materials:
  - {fileID: 0}
  m_SubsetIndices: 
  m_StaticBatchRoot: {fileID: 0}
  m_UseLightProbes: 0
  m_LightProbeAnchor: {fileID: 0}
  m_ScaleInLightmap: 1
  m_SortingLayerID: 0
  m_SortingOrder: 1
--- !u!33 &917648542
MeshFilter:
  m_ObjectHideFlags: 0
  m_PrefabParentObject: {fileID: 0}
  m_PrefabInternal: {fileID: 0}
  m_GameObject: {fileID: 917648538}
  m_Mesh: {fileID: 0}
--- !u!1 &1208945917
GameObject:
  m_ObjectHideFlags: 0
  m_PrefabParentObject: {fileID: 0}
  m_PrefabInternal: {fileID: 0}
  serializedVersion: 4
  m_Component:
  - 4: {fileID: 1208945918}
  - 33: {fileID: 1208945921}
  - 23: {fileID: 1208945920}
  - 114: {fileID: 1208945919}
  m_Layer: 0
  m_Name: BBC_Logo
  m_TagString: Untagged
  m_Icon: {fileID: 0}
  m_NavMeshLayer: 0
  m_StaticEditorFlags: 0
  m_IsActive: 1
--- !u!4 &1208945918
Transform:
  m_ObjectHideFlags: 0
  m_PrefabParentObject: {fileID: 0}
  m_PrefabInternal: {fileID: 0}
  m_GameObject: {fileID: 1208945917}
  m_LocalRotation: {x: 0, y: 0, z: 0, w: 1}
  m_LocalPosition: {x: 0, y: 0, z: 0}
  m_LocalScale: {x: 1, y: 1, z: 1}
  m_Children: []
  m_Father: {fileID: 159564705}
  m_RootOrder: 1
--- !u!114 &1208945919
MonoBehaviour:
  m_ObjectHideFlags: 0
  m_PrefabParentObject: {fileID: 0}
  m_PrefabInternal: {fileID: 0}
  m_GameObject: {fileID: 1208945917}
  m_Enabled: 1
  m_EditorHideFlags: 0
  m_Script: {fileID: 11500000, guid: 3fac570381f34f647b768dc5a5aa1364, type: 3}
  m_Name: 
  m_EditorClassIdentifier: 
  collection: {fileID: 11400000, guid: febc24f973af8e54387000c29ee2298e, type: 2}
  _color: {r: 1, g: 1, b: 1, a: 1}
  _scale: {x: 1, y: 1, z: 1}
  _spriteId: 1
  boxCollider2D: {fileID: 0}
  polygonCollider2D: []
  edgeCollider2D: []
  boxCollider: {fileID: 0}
  meshCollider: {fileID: 0}
  meshColliderPositions: []
  meshColliderMesh: {fileID: 0}
  renderLayer: 1
--- !u!23 &1208945920
Renderer:
  m_ObjectHideFlags: 0
  m_PrefabParentObject: {fileID: 0}
  m_PrefabInternal: {fileID: 0}
  m_GameObject: {fileID: 1208945917}
  m_Enabled: 1
  m_CastShadows: 1
  m_ReceiveShadows: 1
  m_LightmapIndex: 255
  m_LightmapTilingOffset: {x: 1, y: 1, z: 0, w: 0}
  m_Materials:
  - {fileID: 0}
  m_SubsetIndices: 
  m_StaticBatchRoot: {fileID: 0}
  m_UseLightProbes: 0
  m_LightProbeAnchor: {fileID: 0}
  m_ScaleInLightmap: 1
  m_SortingLayerID: 0
  m_SortingOrder: 1
--- !u!33 &1208945921
MeshFilter:
  m_ObjectHideFlags: 0
  m_PrefabParentObject: {fileID: 0}
  m_PrefabInternal: {fileID: 0}
  m_GameObject: {fileID: 1208945917}
  m_Mesh: {fileID: 0}
--- !u!1001 &1473390683
Prefab:
  m_ObjectHideFlags: 0
  serializedVersion: 2
  m_Modification:
    m_TransformParent: {fileID: 0}
    m_Modifications:
    - target: {fileID: 400000, guid: df9a8e45e1d87b94a9e2bcd9d0d23d28, type: 2}
      propertyPath: m_LocalPosition.x
      value: 0
      objectReference: {fileID: 0}
    - target: {fileID: 400000, guid: df9a8e45e1d87b94a9e2bcd9d0d23d28, type: 2}
      propertyPath: m_LocalPosition.y
      value: 0
      objectReference: {fileID: 0}
    - target: {fileID: 400000, guid: df9a8e45e1d87b94a9e2bcd9d0d23d28, type: 2}
      propertyPath: m_LocalPosition.z
      value: 0
      objectReference: {fileID: 0}
    - target: {fileID: 400000, guid: df9a8e45e1d87b94a9e2bcd9d0d23d28, type: 2}
      propertyPath: m_LocalRotation.x
      value: 0
      objectReference: {fileID: 0}
    - target: {fileID: 400000, guid: df9a8e45e1d87b94a9e2bcd9d0d23d28, type: 2}
      propertyPath: m_LocalRotation.y
      value: 0
      objectReference: {fileID: 0}
    - target: {fileID: 400000, guid: df9a8e45e1d87b94a9e2bcd9d0d23d28, type: 2}
      propertyPath: m_LocalRotation.z
      value: 0
      objectReference: {fileID: 0}
    - target: {fileID: 400000, guid: df9a8e45e1d87b94a9e2bcd9d0d23d28, type: 2}
      propertyPath: m_LocalRotation.w
      value: 1
      objectReference: {fileID: 0}
    - target: {fileID: 400000, guid: df9a8e45e1d87b94a9e2bcd9d0d23d28, type: 2}
      propertyPath: m_RootMapOrder
      value: 
      objectReference: {fileID: 0}
    - target: {fileID: 400000, guid: df9a8e45e1d87b94a9e2bcd9d0d23d28, type: 2}
      propertyPath: m_RootOrder
      value: 1
      objectReference: {fileID: 0}
    m_RemovedComponents: []
  m_ParentPrefab: {fileID: 100100000, guid: df9a8e45e1d87b94a9e2bcd9d0d23d28, type: 2}
  m_RootGameObject: {fileID: 101017723}
  m_IsPrefabParent: 0
  m_IsExploded: 1
--- !u!1 &1557500661
GameObject:
  m_ObjectHideFlags: 0
  m_PrefabParentObject: {fileID: 100004, guid: df9a8e45e1d87b94a9e2bcd9d0d23d28, type: 2}
  m_PrefabInternal: {fileID: 1473390683}
  serializedVersion: 4
  m_Component:
  - 4: {fileID: 1557500662}
  - 114: {fileID: 1557500663}
  m_Layer: 0
  m_Name: tk2dUIManager
  m_TagString: Untagged
  m_Icon: {fileID: 0}
  m_NavMeshLayer: 0
  m_StaticEditorFlags: 0
  m_IsActive: 1
--- !u!4 &1557500662
Transform:
  m_ObjectHideFlags: 0
  m_PrefabParentObject: {fileID: 400004, guid: df9a8e45e1d87b94a9e2bcd9d0d23d28, type: 2}
  m_PrefabInternal: {fileID: 1473390683}
  m_GameObject: {fileID: 1557500661}
  m_LocalRotation: {x: 0, y: 0, z: 0, w: 1}
  m_LocalPosition: {x: .80650425, y: -.0789351985, z: -10}
  m_LocalScale: {x: 1, y: 1, z: 1}
  m_Children: []
  m_Father: {fileID: 101017724}
  m_RootOrder: 1
--- !u!114 &1557500663
MonoBehaviour:
  m_ObjectHideFlags: 0
  m_PrefabParentObject: {fileID: 11400002, guid: df9a8e45e1d87b94a9e2bcd9d0d23d28,
    type: 2}
  m_PrefabInternal: {fileID: 1473390683}
  m_GameObject: {fileID: 1557500661}
  m_Enabled: 1
  m_EditorHideFlags: 0
  m_Script: {fileID: 11500000, guid: 71fd0c19c6c3ff84692e78186167fd2c, type: 3}
  m_Name: 
  m_EditorClassIdentifier: 
  uiCamera: {fileID: 110051337}
  raycastLayerMask:
    serializedVersion: 2
    m_Bits: 4294967295
  areHoverEventsTracked: 0
  useMultiTouch: 0
