%YAML 1.1
%TAG !u! tag:unity3d.com,2011:
--- !u!91 &9100000
AnimatorController:
  m_ObjectHideFlags: 0
  m_PrefabParentObject: {fileID: 0}
  m_PrefabInternal: {fileID: 0}
  m_Name: ButtonAnimation
  serializedVersion: 2
  m_AnimatorParameters: []
  m_AnimatorLayers:
  - serializedVersion: 3
    m_Name: Base Layer
    m_StateMachine: {fileID: 110700000}
    m_Mask: {fileID: 0}
    m_BlendingMode: 0
    m_SyncedLayerIndex: -1
    m_StateMachineMotionSetIndex: 0
    m_DefaultWeight: 0
    m_IKPass: 0
    m_SyncedLayerAffectsTiming: 0
    m_Controller: {fileID: 9100000}
--- !u!1102 &110200000
State:
  m_ObjectHideFlags: 3
  m_PrefabParentObject: {fileID: 0}
  m_PrefabInternal: {fileID: 0}
  m_Name: Press
  m_Speed: 1
  m_CycleOffset: 0
  m_Motions:
  - {fileID: 7400000, guid: dbb819a4aa2574b4c95847fadeb9b29d, type: 2}
  m_ParentStateMachine: {fileID: 110700000}
  m_Position: {x: 60, y: 156, z: 0}
  m_IKOnFeet: 0
  m_Mirror: 0
  m_Tag: 
--- !u!1102 &110201514
State:
  m_ObjectHideFlags: 3
  m_PrefabParentObject: {fileID: 0}
  m_PrefabInternal: {fileID: 0}
  m_Name: Pulse
  m_Speed: 1
  m_CycleOffset: 0
  m_Motions:
  - {fileID: 7400000, guid: 09dda5a4ae1254a81be8b599712db236, type: 2}
  m_ParentStateMachine: {fileID: 110700000}
  m_Position: {x: 60, y: 12, z: 0}
  m_IKOnFeet: 0
  m_Mirror: 0
  m_Tag: 
--- !u!1102 &110219412
State:
  m_ObjectHideFlags: 3
  m_PrefabParentObject: {fileID: 0}
  m_PrefabInternal: {fileID: 0}
  m_Name: Pulsate
  m_Speed: 1
  m_CycleOffset: 0
  m_Motions:
  - {fileID: 7400000, guid: b182a0585dcacbc4f87c52f82bd23e39, type: 2}
  m_ParentStateMachine: {fileID: 110700000}
  m_Position: {x: 60, y: 252, z: 0}
  m_IKOnFeet: 0
  m_Mirror: 0
  m_Tag: 
--- !u!1102 &110246856
State:
  m_ObjectHideFlags: 3
  m_PrefabParentObject: {fileID: 0}
  m_PrefabInternal: {fileID: 0}
  m_Name: Hover
  m_Speed: 1
  m_CycleOffset: 0
  m_Motions:
  - {fileID: 7400000, guid: 658222a67ea17d44aaa387f98d7370e3, type: 2}
  m_ParentStateMachine: {fileID: 110700000}
  m_Position: {x: 60, y: 108, z: 0}
  m_IKOnFeet: 0
  m_Mirror: 0
  m_Tag: 
--- !u!1102 &110256126
State:
  m_ObjectHideFlags: 3
  m_PrefabParentObject: {fileID: 0}
  m_PrefabInternal: {fileID: 0}
  m_Name: Idle
  m_Speed: 1
  m_CycleOffset: 0
  m_Motions:
  - {fileID: 7400000, guid: 3205d850de0f55c48a3d06f24d14b444, type: 2}
  m_ParentStateMachine: {fileID: 110700000}
  m_Position: {x: 60, y: 60, z: 0}
  m_IKOnFeet: 0
  m_Mirror: 0
  m_Tag: 
--- !u!1102 &110283546
State:
  m_ObjectHideFlags: 3
  m_PrefabParentObject: {fileID: 0}
  m_PrefabInternal: {fileID: 0}
  m_Name: Release
  m_Speed: 1
  m_CycleOffset: 0
  m_Motions:
  - {fileID: 7400000, guid: 47a28cefee38e764a9ce3ce5eacdd287, type: 2}
  m_ParentStateMachine: {fileID: 110700000}
  m_Position: {x: 60, y: 204, z: 0}
  m_IKOnFeet: 0
  m_Mirror: 0
  m_Tag: 
--- !u!1102 &110295668
State:
  m_ObjectHideFlags: 3
  m_PrefabParentObject: {fileID: 0}
  m_PrefabInternal: {fileID: 0}
  m_Name: Hover
  m_Speed: 1
  m_CycleOffset: 0
  m_Motions:
  - {fileID: 7400000, guid: 63ac772e833507c4f9fcbcf649ee0957, type: 2}
  m_ParentStateMachine: {fileID: 110700000}
  m_Position: {x: 60, y: 108, z: 0}
  m_IKOnFeet: 0
  m_Mirror: 0
  m_Tag: 
--- !u!1107 &110700000
StateMachine:
  serializedVersion: 2
  m_ObjectHideFlags: 3
  m_PrefabParentObject: {fileID: 0}
  m_PrefabInternal: {fileID: 0}
  m_Name: Base Layer
  m_DefaultState: {fileID: 110256126}
  m_States:
  - {fileID: 110200000}
  - {fileID: 110283546}
  - {fileID: 110256126}
  - {fileID: 110246856}
  - {fileID: 110219412}
  - {fileID: 110201514}
  m_ChildStateMachine: []
  m_ChildStateMachinePosition: []
  m_OrderedTransitions: {}
  m_MotionSetCount: 1
  m_AnyStatePosition: {x: -120, y: 12, z: 0}
  m_ParentStateMachinePosition: {x: 800, y: 20, z: 0}
